<record><leader>00000cas a22000007a 4500</leader><controlfield tag="001">30024963</controlfield><controlfield tag="008">940325d19651975ncudn ne      0    0eng d</controlfield><datafield ind1=" " ind2=" " tag="010"><subfield code="a">sn 94058213 </subfield></datafield><datafield ind1=" " ind2=" " tag="040"><subfield code="a">NVJ</subfield><subfield code="b">eng</subfield><subfield code="c">NVJ</subfield><subfield code="d">OCLCQ</subfield><subfield code="d">OCLCF</subfield><subfield code="d">OCLCO</subfield></datafield><datafield ind1=" " ind2=" " tag="042"><subfield code="a">msc</subfield></datafield><datafield ind1=" " ind2=" " tag="043"><subfield code="a">n-us-nc</subfield></datafield><datafield ind1="0" ind2="4" tag="245"><subfield code="a">The Monroe enquirer-journal.</subfield></datafield><datafield ind1="1" ind2="3" tag="246"><subfield code="a">Monroe enquirer</subfield></datafield><datafield ind1=" " ind2=" " tag="260"><subfield code="a">Monroe, N.C. :</subfield><subfield code="b">Enquirer Pub. Co.</subfield></datafield><datafield ind1=" " ind2=" " tag="300"><subfield code="a">v.</subfield></datafield><datafield ind1=" " ind2=" " tag="310"><subfield code="a">Daily (Mon.-Fri.),</subfield><subfield code="b">Apr. 30, 1973-Feb. 28, 1975</subfield></datafield><datafield ind1=" " ind2=" " tag="321"><subfield code="a">Semiweekly,</subfield><subfield code="b">Nov. 22, 1965-Sept. 1, 1966</subfield></datafield><datafield ind1=" " ind2=" " tag="321"><subfield code="a">Triweekly,</subfield><subfield code="b">Sept. 5, 1966-Apr. 27, 1973</subfield></datafield><datafield ind1="0" ind2=" " tag="362"><subfield code="a">93rd yr., no. 52 (Nov. 22, 1965)-102nd yr., no. 199 (Feb. 28, 1975).</subfield></datafield><datafield ind1=" " ind2="0" tag="651"><subfield code="a">Monroe (N.C.)</subfield><subfield code="v">Newspapers.</subfield></datafield><datafield ind1=" " ind2="0" tag="651"><subfield code="a">Union County (N.C.)</subfield><subfield code="v">Newspapers.</subfield></datafield><datafield ind1=" " ind2="7" tag="655"><subfield code="a">Newspapers.</subfield><subfield code="2">fast</subfield><subfield code="0">(OCoLC)fst01423814</subfield></datafield><datafield ind1=" " ind2="7" tag="651"><subfield code="a">North Carolina</subfield><subfield code="z">Monroe.</subfield><subfield code="2">fast</subfield><subfield code="0">(OCoLC)fst01220225</subfield></datafield><datafield ind1=" " ind2="7" tag="651"><subfield code="a">North Carolina</subfield><subfield code="z">Union County.</subfield><subfield code="2">fast</subfield><subfield code="0">(OCoLC)fst01209727</subfield></datafield><datafield ind1=" " ind2=" " tag="752"><subfield code="a">United States</subfield><subfield code="b">North Carolina</subfield><subfield code="c">Union</subfield><subfield code="d">Monroe.</subfield></datafield><datafield ind1="0" ind2="4" tag="780"><subfield code="t">Monroe enquirer (Monroe, N.C. : 1894)</subfield><subfield code="w">(DLC)sn 93065776</subfield></datafield><datafield ind1="0" ind2="4" tag="780"><subfield code="t">Monroe journal (Monroe, N.C.)</subfield><subfield code="w">(DLC)sn 91068476</subfield></datafield><datafield ind1="0" ind2="0" tag="785"><subfield code="t">Enquirer-journal</subfield><subfield code="w">(DLC)sn 94058214</subfield></datafield></record>